% This file was created with JabRef 2.10b2.
% Encoding: UTF-8


@String { CGIP                     = {Computer Graphics and Image Processing} }
@String { ICCV                     = {Int. Conf. Comp. Vision} }
@String { ICIP                     = {Int. Conf. on Image Processing} }
@String { ICPR                     = {Int. J. Comp. Phys.} }
@String { ieee_trans_consum_elec   = {IEEE Trans. on Consumer Electronics} }
@String { ieee_trans_im_proc       = {IEEE Trans. Image Processing} }
@String { ieee_trans_med_img       = {IEEE Trans. Med. Imag.} }
@String { ieee_trans_pami          = {IEEE Trans. Patt. Anal. Machine Intell.} }
@String { ieee_trans_sys_man_cyber = {IEEE Trans. on Syst., Man and Cyber.} }
@String { IJCP                     = {J. Comp. Phys.} }
@String { IJCV                     = {Int. Journal of Computer Vision} }
@String { j_math_img_vision        = {J. of Math. Imaging And Vision} }
@String { JVCIR                    = {Journal of Visual Communication and Image Representation} }



@Article{im_proc:curve_interpolation:elber:07:metamorphosis_planar_parametric_curves,
	Title                    = {Metamorphosis of Planar Parametric Curves via Curvature Interpolation},
	Author                   = {Surazhsky, Tatiana;
	Elber, Gershon},
journal = {International Journal of Shape Modeling},
volume = {08},
number = {02},
pages = {201-216},
year = {2002},
doi = {10.1142/S0218654302000145},

URL = {http://www.worldscientific.com/doi/abs/10.1142/S0218654302000145},
eprint = {http://www.worldscientific.com/doi/pdf/10.1142/S0218654302000145}
}



@article{geometry:curves:surazhsky:2004:sampling_planar_curves,
  title={Sampling planar curves using curvature-based shape analysis},
  author={Surazhsky, Tatiana and Surazhsky, Vitaly},
  journal={Mathematical methods for curves and surfaces: Troms{\o}},
  pages={339--350},
  year={2004}
}

@ARTICLE{math:computer_graphics:pagani:2017:curvature_based_sampling_of_curves,
	author = {Luca Pagani and Paul J. Scott},
	title = {Curvature based sampling of curves and surfaces},
	journal = {Computer Aided Geometric Design},
	year = {2017},
}