% This file was created with JabRef 2.10.
% Encoding: ISO8859_1


@String { CGIP                     = {Computer Graphics and Image Processing} }
@String { conf_siggraph            = {ACM SIGGRAPH Computer Graphics} }
@String { CVGIP                    = { Computer Vision, Graphics, and Image Processing} }
@String { CVPR                     = {Computer Vision and Pattern Recognition} }
@String { ICCV                     = {Int. Conference of Computer Vision} }
@String { ICIP                     = {ICIP} }
@String { ICPR                     = {Int. J. Comp. Phys.} }
@String { ieee_trans_im_proc       = {IEEE Trans. Image Proc.} }
@String { ieee_trans_med_img       = {IEEE Trans. Medical Imaging} }
@String { ieee_trans_pami          = {IEEE Transactions on Pattern Analysis and Machine Intelligence} }
@String { ieee_trans_sys_man_cyber = {IEEE Trans. on Syst., Man and Cyber.} }
@String { IJCP                     = {J. Comp. Phys.} }
@String { IJCV                     = {Int. Journal of Computer Vision} }
@String { j_math_img_vision        = {Journal of Mathematical Imaging and Vision} }
@String { journal_physiology       = {Journal of Physiology} }
@String { JVCIR                    = {Journal of Visual Communication and Image Representation} }
@String { POCV                     = {Proceedings 5th IEEE Workshop on Perceptual Organization in Computer Vision } }
@String { siam_j_imag_sciences     = {SIAM Journal on Imaging Sciences} }

