% This file was created with JabRef 2.5.
% Encoding: UTF8

@TECHREPORT{pose_estimation:de_menthon:01:soft_posit,
  author = {Daniel Dementhon and Phil David and Hanan Samet},
  title = {SoftPOSIT: An Algorithm for Registration of 3D Models to Noisy Perspective
	Images Combining Softassign and POSIT},
  institution = {Softassign and POSIT,” University of Maryland, MD, Tech. Rep},
  year = {2001}
}

@BOOK{hartley:2001:multiple_view_geometry_in_computer_vision,
  title = {Multiple View Geometry in computer vision},
  publisher = {Cambridge University Press},
  year = {2001},
  author = {R. Hartley and Andrew Zisserman},
  owner = {juanc},
  timestamp = {2009.12.31}
}


@BOOK{marr:1982:computational_investigation_into_the_human,
  title = {A computational Investigation Into the Human Representation and Processing of Visual Information},
  publisher = {Cambridge University Press},
  year = {1982},
  author = {David Marr},
  owner = {juanc},
  publisher={W.H. Freeman and Company, NY 29–61},
  timestamp = {2012.12.01}
}

@ARTICLE{scale_space:witkin:1983:scale_space_filtering,
  author = {A.W. Witkin},
  title = {Scale space filtering},
  journal = {Joint Conf. on Artificial Intell., Karlsruhe, West Germany},
  year = {1983},
  pages = {1019–1021.},
 
}


@ARTICLE{math:numerical:Bellman:1959:on_adaptive_control_processes,
	author = {R. Bellman and R. Kalaba},
	title = {On adaptive control processes},
	journal = {JIRE Transactions on Automatic Control},
	year = {1959},
	number = 2,
	volume = 4,
	pages = {1-9},
}


@ARTICLE{math:numerical:dormand:1980:a_family_of_embedded_runge_kutta,
  author = {, J. R. Dormand and P. J. Prince},
  title = {A family of embedded Runge-Kutta formulae},
  journal = {Journal of Computational and Applied Mathematics},
  year = {1983},
  number = 6,
  volume = 1,
  pages = {19–26},
 }

@ARTICLE{scale_space:koenderink:1983:structure_of_images,
  author = {J.J. Koenderink},
  title = {The structure of images},
  journal = {Biol. Cybern.},
  year = {1984},
  pages = {363–370},
  volume={50}
}


@comment{jabref-meta: selector_publisher:}

@comment{jabref-meta: selector_author:}

@comment{jabref-meta: selector_journal:}

@comment{jabref-meta: selector_keywords:}

